@misc{RN48,
   volume = {30/09/2020},
   number = {30/09/2020},
   url = {https://github.com/AFMD/layouts},
   type = {Web Page}
}

@article{RN51,
   author = {Zhang, Yiwei and Samuel, Ifor DW and Wang, Tao and Lidzey, David G},
   title = {Current status of outdoor lifetime testing of organic photovoltaics},
   journal = {Advanced Science},
   volume = {5},
   number = {8},
   pages = {1800434},
   ISSN = {2198-3844},
   year = {2018},
   type = {Journal Article}
}

@article{RN52,
   author = {Kettle, Jeffrey and Stoichkov, Vasil and Kumar, Dinesh and Corazza, M and Gevorgyan, SA and Krebs, FC},
   title = {Using ISOS consensus test protocols for development of quantitative life test models in ageing of organic solar cells},
   journal = {Solar Energy Materials and Solar Cells},
   volume = {167},
   pages = {53-59},
   ISSN = {0927-0248},
   year = {2017},
   type = {Journal Article}
}

@article{RN53,
   author = {Reese, Matthew O and Gevorgyan, Suren A and Jørgensen, Mikkel and Bundgaard, Eva and Kurtz, Sarah R and Ginley, David S and Olson, Dana C and Lloyd, Matthew T and Morvillo, Pasquale and Katz, Eugene A},
   title = {Consensus stability testing protocols for organic photovoltaic materials and devices},
   journal = {Solar Energy Materials and Solar Cells},
   volume = {95},
   number = {5},
   pages = {1253-1267},
   ISSN = {0927-0248},
   year = {2011},
   type = {Journal Article}
}

@article{RN54,
   author = {Riede, Moritz and Spoltore, Donato and Leo, Karl},
   title = {Organic Solar Cells—The Path to Commercial Success},
   journal = {Advanced Energy Materials},
   volume = {11},
   number = {1},
   pages = {2002653},
   ISSN = {1614-6832},
   year = {2021},
   type = {Journal Article}
}

@article{RN55,
   author = {Burlingame, Quinn and Huang, Xiaheng and Liu, Xiao and Jeong, Changyeong and Coburn, Caleb and Forrest, Stephen R},
   title = {Intrinsically stable organic solar cells under high-intensity illumination},
   journal = {Nature},
   volume = {573},
   number = {7774},
   pages = {394-397},
   ISSN = {1476-4687},
   year = {2019},
   type = {Journal Article}
}

@article{RN56,
   author = {Garner, Logan E and Viswanathan, Vinila Nellissery and Arias, Dylan H and Brook, Colin P and Christensen, Steven T and Ferguson, Andrew J and Kopidakis, Nikos and Larson, Bryon W and Owczarczyk, Zbyslaw R and Pfeilsticker, Jason R},
   title = {Photobleaching dynamics in small molecule vs. polymer organic photovoltaic blends with 1, 7-bis-trifluoromethylfullerene},
   journal = {Journal of Materials Chemistry A},
   volume = {6},
   number = {11},
   pages = {4623-4628},
   year = {2018},
   type = {Journal Article}
}

@article{RN57,
   author = {Ahmad, Jakaria and Bazaka, Kateryna and Anderson, Liam J and White, Ronald D and Jacob, Mohan V},
   title = {Materials and methods for encapsulation of OPV: A review},
   journal = {Renewable and Sustainable Energy Reviews},
   volume = {27},
   pages = {104-117},
   ISSN = {1364-0321},
   year = {2013},
   type = {Journal Article}
}

@inbook{RN58,
   author = {Zhao, DW and Ke, L and Huang, W and Sun, XW},
   title = {Interface Stability of Polymer and Small-Molecule Organic Photovoltaics},
   booktitle = {Organic Solar Cells},
   publisher = {Springer},
   pages = {139-176},
   year = {2013},
   type = {Book Section}
}

@inproceedings{RN59,
   author = {Jaffery, Syed H Imran and Ali, Liaqat and Khan, Mushtaq and Qureshi, Hamza Musaddiq and Khan, Misbahullah and Ahsan, Zeeshan and Khan, Hassan Abbas},
   title = {Development and testing of a solar cell test chamber for performance evaluation of solar cells},
   booktitle = {2015 50th International Universities Power Engineering Conference (UPEC)},
   publisher = {IEEE},
   pages = {1-4},
   ISBN = {1467396826},
   year = {2015},
   type = {Conference Proceedings}
}



@misc{RN6,
   number = {10/09/2020},
   url = {https://www.elantechnology.com/glass/glass-metal-hermetic-seal/},
   type = {Web Page}
}

@misc{RN5,
   number = {08/10/2020},
   url = {https://www.metalsupermarkets.com/what-aluminum-grade-should-i-use/ },
   type = {Web Page}
}

@book{RN8,
   author = {Howatson, A. M. and Lund, P. G. and Todd, J. D. and McFadden, P. D. and Probert Smith, P. J.},
   title = {Engineering tables and data},
   publisher = {[University of Oxford, Department of Engineering Science]},
   address = {Oxford},
   edition = {3rd ed.]},
   series = {HLT},
   ISBN = {9780952620839},
   year = {2009},
   type = {Book}
}

@misc{RN7,
   number = {07/10/2020},
   url = {https://omnexus.specialchem.com/selection-guide/high-temperature-thermoplastics},
   type = {Web Page}
}

@misc{RN1,
   volume = {2020},
   number = {08/10/2020},
   url = {https://www.metalmensales.com/aluminum-1100-properties-products/},
   type = {Web Page}
}

@misc{RN2,
   volume = {2020},
   number = {08/10/2020},
   url = {http://www.aalco.co.uk/datasheets/Aluminium-Alloy-2011-T4-Rod-and-Bar_3.ashx },
   type = {Web Page}
}

@misc{RN3,
   number = {08/10/2020},
   url = {http://www.aalco.co.uk/datasheets/Aluminium-Alloy-3003-0-Sheet_59.ashx},
   type = {Web Page}
}

@misc{RN4,
   number = {08/10/2020},
   url = {http://www.aalco.co.uk/datasheets/Aluminium-Alloy-5052-H32-Sheet-and-Treadplate_138.ashx},
   type = {Web Page}
}

@misc{RN10,
   number = {08/10/2020},
   url = {https://www.suppliersonline.com/propertypages/1100.asp},
   type = {Web Page}
}

@misc{RN11,
   number = {09/10/2020},
   url = {https://www.robsonscientific.co.uk/quartz-polished-plate-synthetic},
   type = {Web Page}
}

@misc{RN12,
   number = {09/10/2020},
   url = {https://www.robsonscientific.co.uk/rs_downloads/Quartz%20-%20Synthetic%20Technical%20Data.pdf},
   type = {Web Page}
}

@misc{RN13,
   number = {16/10/2020},
   url = {https://www.barnwell.co.uk/content/uploads/2015/11/Metric-Range.pdf},
   type = {Web Page}
}

@misc{RN14,
   number = {16/10/2020},
   url = {https://www.barnwell.co.uk/products/fluorosilicone-o-rings/},
   type = {Web Page}
}

@misc{RN15,
   number = {16/10/2020},
   url = {https://www.barnwell.co.uk/products/silicone-o-rings/},
   type = {Web Page}
}

@misc{RN16,
   number = {16/10/2020},
   url = {https://www.barnwell.co.uk/products/hydrogenated-nitrile-o-rings/},
   type = {Web Page}
}

@misc{RN17,
   number = {16/10/2020},
   url = {https://www.barnwell.co.uk/products/viton-o-rings/},
   type = {Web Page}
}

@misc{RN18,
   url = {https://tutorials-raspberrypi.com/raspberry-pi-sensors-overview-50-important-components/#temperature},
   type = {Web Page}
}

@misc{RN19,
   number = {17/10/2020},
   url = {https://www.amazon.co.uk/AZDelivery-Barometric-Pressure-Arduino-Raspberry/dp/B07D8S617X/ref=sr_1_1?dchild=1&keywords=BMP180&qid=1602943899&sr=8-1&tag=755-21},
   type = {Web Page}
}

@misc{RN20,
   number = {17/10/2020},
   url = {https://www.amazon.co.uk/MakerHawk-Digital-Temperature-Humidity-Measure/dp/B072391SJV/ref=sr_1_5?dchild=1&keywords=DHT22&qid=1602943880&sr=8-5&tag=755-21},
   type = {Web Page}
}

@misc{RN21,
   number = {22/10/2020},
   url = {https://www.mikroe.com/thermo-5-click},
   type = {Web Page}
}

@misc{RN22,
   number = {22/10/2020},
   url = {https://www.mikroe.com/thermo-6-click},
   type = {Web Page}
}

@misc{RN23,
   number = {22/10/2020},
   url = {https://download.mikroe.com/documents/datasheets/MAX31875%20Advance%2020170518.pdf},
   type = {Web Page}
}

@misc{RN24,
   number = {22/10/2020},
   url = {https://www.mikroe.com/temp-hum-8-click},
   type = {Web Page}
}

@misc{RN25,
   number = {22/10/2020},
   url = {https://download.mikroe.com/documents/datasheets/SHT21Datasheet.pdf},
   type = {Web Page}
}

@misc{RN26,
   url = {https://tameson.co.uk/push-in-fittings.html},
   type = {Web Page}
}

@misc{RN32,
   url = {https://tameson.co.uk/push-in-fittings.html},
   type = {Web Page}
}

@misc{RN27,
   number = {30/10/2020},
   url = {https://uk.rs-online.com/web/p/pneumatic-straight-fittings/1259600/},
   type = {Web Page}
}

@misc{RN33,
   number = {30/10/2020},
   url = {https://uk.rs-online.com/web/p/pneumatic-straight-fittings/1259600/},
   type = {Web Page}
}

@misc{RN28,
   number = {31/10/2020},
   url = {https://www.bisvalves.co.uk/products/relief-valves/safety-relief-valve-lp-s37/},
   type = {Web Page}
}

@misc{RN34,
   number = {31/10/2020},
   url = {https://www.bisvalves.co.uk/products/relief-valves/safety-relief-valve-lp-s37/},
   type = {Web Page}
}

@misc{RN29,
   number = {31/10/2020},
   url = {https://www.bisvalves.co.uk/uploads/pdf/S37-Safety-Relief-Valve-LP-0820.pdf},
   type = {Web Page}
}

@misc{RN35,
   number = {31/10/2020},
   url = {https://www.bisvalves.co.uk/uploads/pdf/S37-Safety-Relief-Valve-LP-0820.pdf},
   type = {Web Page}
}

@misc{RN30,
   number = {03/11/2020},
   url = {https://tameson.co.uk/measurement-control/pressure/safety-and-relief-valve/safety-valve/gas/adjustable/sfl-b-4-014-m-g-1-4-inch-brass-adjustable-safety-valve-1-4-bar-m.html},
   type = {Web Page}
}

@misc{RN36,
   number = {03/11/2020},
   url = {https://tameson.co.uk/measurement-control/pressure/safety-and-relief-valve/safety-valve/gas/adjustable/sfl-b-4-014-m-g-1-4-inch-brass-adjustable-safety-valve-1-4-bar-m.html},
   type = {Web Page}
}

@misc{RN31,
   number = {03/11/2020},
   url = {https://catalog.barnwell.co.uk/product_info.php/products_id/1164/osCsid/jkkqhrh01sjumc3kpnfcpql9a6},
   type = {Web Page}
}

@misc{RN37,
   number = {03/11/2020},
   url = {https://catalog.barnwell.co.uk/product_info.php/products_id/1164/osCsid/jkkqhrh01sjumc3kpnfcpql9a6},
   type = {Web Page}
}

@book{RN50,
   author = {Kosky, Philip and Balmer, Robert T and Keat, William D and Wise, George},
   title = {Exploring Engineering: An Introduction to Engineering and Design},
   publisher = {Academic Press},
   ISBN = {0124158919},
   year = {2013},
   type = {Book}
}

@inproceedings{RN41,
   author = {Flicker, Jack and Lavrova, Olga and Tamizhmani, Govindasamy},
   title = {Co-located Accelerated Testing of Module Level Power Electronics and Associated PV Panels},
   booktitle = {2018 IEEE 7th World Conference on Photovoltaic Energy Conversion (WCPEC)(A Joint Conference of 45th IEEE PVSC, 28th PVSEC & 34th EU PVSEC)},
   publisher = {IEEE},
   pages = {1273-1277},
   ISBN = {1538685299},
   type = {Conference Proceedings}
}

@inproceedings{RN43,
   author = {Lai, T and Potter Jr, BG and Simmons-Potter, K},
   title = {Analysis of twelve-month degradation in three polycrystalline photovoltaic modules},
   booktitle = {Reliability of Photovoltaic Cells, Modules, Components, and Systems IX},
   publisher = {International Society for Optics and Photonics},
   volume = {9938},
   pages = {99380O},
   year = {2016},
   type = {Conference Proceedings}
}


@inproceedings{RN44,
   author = {Lai, T and Biggie, R and Brooks, A and Potter Jr, BG and Simmons-Potter, K},
   title = {Environmental aging in polycrystalline-Si photovoltaic modules: Comparison of chamber-based accelerated degradation studies with field-test data},
   booktitle = {Reliability of Photovoltaic Cells, Modules, Components, and Systems VIII},
   publisher = {International Society for Optics and Photonics},
   volume = {9563},
   pages = {956309},
   type = {Conference Proceedings}
}

@book{RN45,
   author = {Smestad, Greg P},
   title = {Optoelectronics of solar cells},
   publisher = {SPIE press},
   volume = {115},
   ISBN = {0819444405},
   year = {2002},
   type = {Book}
}

@article{RN46,
   author = {Khenkin, Mark V and Katz, Eugene A and Abate, Antonio and Bardizza, Giorgio and Berry, Joseph J and Brabec, Christoph and Brunetti, Francesca and Bulović, Vladimir and Burlingame, Quinn and Di Carlo, Aldo},
   title = {Consensus statement for stability assessment and reporting for perovskite photovoltaics based on ISOS procedures},
   journal = {Nature Energy},
   volume = {5},
   number = {1},
   pages = {35-49},
   ISSN = {2058-7546},
   year = {2020},
   type = {Journal Article}
}

@article{RN47,
   author = {Reese, Matthew O and Gevorgyan, Suren A and Jørgensen, Mikkel and Bundgaard, Eva and Kurtz, Sarah R and Ginley, David S and Olson, Dana C and Lloyd, Matthew T and Morvillo, Pasquale and Katz, Eugene A},
   title = {Consensus stability testing protocols for organic photovoltaic materials and devices},
   journal = {Solar Energy Materials and Solar Cells},
   volume = {95},
   number = {5},
   pages = {1253-1267},
   ISSN = {0927-0248},
   year = {2011},
   type = {Journal Article}
}

@book{RN49,
   author = {Agency, International Energy},
   title = {World Energy Outlook 2020},
   publisher = {OECD Publishing},
   DOI = {doi:https://doi.org/10.1787/557a761b-en},
   url = {https://www.oecd-ilibrary.org/content/publication/557a761b-en},
   year = {2020},
   type = {Book}
}

@article{RN38,
   author = {Jørgensen, Mikkel and Norrman, Kion and Krebs, Frederik C},
   title = {Stability/degradation of polymer solar cells},
   journal = {Solar energy materials and solar cells},
   volume = {92},
   number = {7},
   pages = {686-714},
   ISSN = {0927-0248},
   year = {2008},
   type = {Journal Article}
}

@article{RN40,
   author = {Gevorgyan, Suren A and Espinosa, Nieves and Ciammaruchi, Laura and Roth, Bérenger and Livi, Francesco and Tsopanidis, Stylianos and Züfle, Simon and Queirós, Sara and Gregori, Alberto and Benatto, Gisele Alves dos Reis},
   title = {Baselines for lifetime of organic solar cells},
   journal = {Advanced Energy Materials},
   volume = {6},
   number = {22},
   pages = {1600910},
   ISSN = {1614-6832},
   year = {2016},
   type = {Journal Article}
}

@article{RN60,
   author = {Mateker, William R and McGehee, Michael D},
   title = {Progress in understanding degradation mechanisms and improving stability in organic photovoltaics},
   journal = {Advanced materials},
   volume = {29},
   number = {10},
   pages = {1603940},
   ISSN = {0935-9648},
   year = {2017},
   type = {Journal Article}
}

@article{RN61,
   author = {Jørgensen, Mikkel and Norrman, Kion and Krebs, Frederik C},
   title = {Stability/degradation of polymer solar cells},
   journal = {Solar energy materials and solar cells},
   volume = {92},
   number = {7},
   pages = {686-714},
   ISSN = {0927-0248},
   year = {2008},
   type = {Journal Article}
}

@article{RN62,
   author = {Pearson, Andrew J and Hopkinson, Paul E and Couderc, Elsa and Domanski, Konrad and Abdi-Jalebi, Mojtaba and Greenham, Neil C},
   title = {Critical light instability in CB/DIO processed PBDTTT-EFT: PC71BM organic photovoltaic devices},
   journal = {Organic Electronics},
   volume = {30},
   pages = {225-236},
   ISSN = {1566-1199},
   year = {2016},
   type = {Journal Article}
}

